<record xmlns="http://www.loc.gov/MARC21/slim" xmlns:xsi="http://www.w3.org/2001/XMLSchema-instance" xsi:schemaLocation="http://www.loc.gov/MARC21/slim http://www.loc.gov/standards/marcxml/schema/MARC21slim.xsd">

  <leader>00386nam a2200121Ia 4500</leader>
  <datafield ind2=" " ind1=" " tag="090">
    <subfield code="a">DOC # 51</subfield>
  </datafield>
  <datafield tag="110" ind1=" " ind2=" ">
    <subfield code="a">Banco Interamericano de Desarrollo (BID)</subfield>
  </datafield>
  <datafield ind2=" " tag="245" ind1=" ">
    <subfield code="a">Criterios transversales para las intervenciones públicas de protección social</subfield>
  </datafield>
  <datafield tag="260" ind1=" " ind2=" ">
    <subfield code="a">San José : </subfield>
    <subfield code="b">Instituto Mixto de Ayuda Social, </subfield>
    <subfield code="c">2001</subfield>
  </datafield>
  <datafield ind2=" " tag="300" ind1=" ">
    <subfield code="a">31 páginas</subfield>
  </datafield>
  <datafield tag="650" ind1=" " ind2=" ">
    <subfield code="a">PROTECCION SOCIAL</subfield>
  </datafield>
  <datafield ind1=" " tag="942" ind2=" ">
    <subfield code="p">00446 </subfield>
  </datafield>
  <datafield tag="999" ind1=" " ind2=" ">
    <subfield code="c">2552</subfield>
    <subfield code="d">2552</subfield>
  </datafield>
</record>